

@article{abrahams2003building,
  title={Building hybrid systems with Boost. Python},
  author={Abrahams, David and Grosse-Kunstleve, Ralf W and Overloading, Operator},
  journal={CC Plus Plus Users Journal},
  volume={21},
  number={7},
  pages={29--36},
  year={2003},
  publisher={CMP Media LLC}
}


  @misc{cryptoeprint:2011:277,
    author = {Zvika Brakerski and Craig Gentry and Vinod Vaikuntanathan},
    title = {Fully Homomorphic Encryption without Bootstrapping},
    howpublished = {Cryptology ePrint Archive, Report 2011/277},
    year = {2011},
    note = {\url{https://eprint.iacr.org/2011/277}},
}

@misc{cryptoeprint:2012:078,
    author = {Zvika Brakerski},
    title = {Fully Homomorphic Encryption without Modulus Switching from Classical GapSVP},
    howpublished = {Cryptology ePrint Archive, Report 2012/078},
    year = {2012},
    note = {\url{https://eprint.iacr.org/2012/078}},
}

@misc{cryptoeprint:2013:094,
    author = {Adriana Lopez-Alt and Eran Tromer and Vinod Vaikuntanathan},
    title = {On-the-Fly Multiparty Computation on the Cloud via Multikey Fully Homomorphic Encryption},
    howpublished = {Cryptology ePrint Archive, Report 2013/094},
    year = {2013},
    note = {\url{https://eprint.iacr.org/2013/094}},
}

@misc{cryptoeprint:2013:340,
    author = {Craig Gentry and Amit Sahai and Brent Waters},
    title = {Homomorphic Encryption from Learning with Errors: Conceptually-Simpler, Asymptotically-Faster, Attribute-Based},
    howpublished = {Cryptology ePrint Archive, Report 2013/340},
    year = {2013},
    note = {\url{https://eprint.iacr.org/2013/340}},
}

@article{Pyfhelhelib,
  title={Pyfhel},
  author={Alberto Ibarrondo},
  journal={Retrieved from Pyfhel: https://github.com/ibarrond/Pyfhel},
  year={2017}
}

@article{halevi2014helib,
  title={Helib},
  author={Halevi, Shai and Shoup, Victor},
  journal={Retrieved from HELib: https://github. com. shaih/HElib},
  year={2014}
}

@article{green2012,
  title={A very casual introduction to Fully Homomorphic Encryption},
  author={Matthew Green},
  journal={Retrieved from https://blog.cryptographyengineering.com/2012/01/02/very-casual-introduction-to-fully/},
  year={2012}
}

@article{ducas2015fhew,
  title={FHEW: Bootstrapping Homomorphic Encryption in Less Than a Second.},
  author={Ducas, L{\'e}o and Micciancio, Daniele},
  journal={EUROCRYPT (1)},
  volume={9056},
  pages={617--640},
  year={2015}
}

@article{sen2013homomorphic,
  title={Homomorphic encryption: theory \& applications},
  author={Sen, Jaydip},
  journal={arXiv preprint arXiv:1305.5886},
  year={2013}
}


@article{rivest1978,
  title={On data banks and privacy homomorphisms},
  author={R. Rivest, L. Adleman, M. Dertouzos},
  journal={Foundations of Secure Computation},
  pages={169--177},
  year={1978}
}

@article{gen09b,
  title={Fully homomorphic encryption using ideal lattice},
  author={Craig Gentry},
  journal={STOC},
  pages={169--178},
  year={2009}
}
@article{gen10,
  title={Toward basing fully homomorphic encryption on worst-case hardness},
  author={Craig Gentry},
  journal={CRYPTO},
  pages={116--137},
  year={2010}
}

@inproceedings{brakerski2011fully,
  title={Fully homomorphic encryption from ring-LWE and security for key dependent messages},
  author={Brakerski, Zvika and Vaikuntanathan, Vinod},
  booktitle={Annual cryptology conference},
  pages={505--524},
  year={2011},
  organization={Springer}
}


@article{regev2009lattices,
  title={On lattices, learning with errors, random linear codes, and cryptography},
  author={Regev, Oded},
  journal={Journal of the ACM (JACM)},
  volume={56},
  number={6},
  pages={34},
  year={2009},
  publisher={ACM}
}
@article{halevi2013design,
  title={Design and implementation of a homomorphic-encryption library},
  author={Halevi, Shai and Shoup, Victor},
  journal={IBM Research (Manuscript)},
  volume={6},
  pages={12--15},
  year={2013}
}
@inproceedings{naehrig2011can,
  title={Can homomorphic encryption be practical?},
  author={Naehrig, Michael and Lauter, Kristin and Vaikuntanathan, Vinod},
  booktitle={Proceedings of the 3rd ACM workshop on Cloud computing security workshop},
  pages={113--124},
  year={2011},
  organization={ACM}
}


@article{tech2011,
  title={What Is Homomorphic Encryption?},
  author={Andy Greenberg},
  journal={Retrived from Techtarget: http://searchsecurity.techtarget.com/definition/homomorphic-encryption},
  year={2014}
}

@article{wired2014,
  title={What Is Homomorphic Encryption?},
  author={Margaret Rouse},
  journal={Retrived from Wired: https://www.wired.com/2014/11/hacker-lexicon-homomorphic-encryption/},
  year={2011}
}

@misc{cryptoeprint:2014:094,
    author = {Jacob Alperin-Sheriff and Chris Peikert},
    title = {Faster Bootstrapping with Polynomial Error},
    howpublished = {Cryptology ePrint Archive, Report 2014/094},
    year = {2014},
    note = {\url{https://eprint.iacr.org/2014/094}},
}

@misc{chillotti2016tfhe,
  title={TFHE: Fast Fully Homomorphic Encryption Library over the Torus},
  author={Chillotti, Ilaria and Gama, Nicolas and Georgieva, Mariya and Izabach{\`e}ne, Malika},
  year={2016}
}
